@misc{ist:leic:resumos:agentes,
    author = "{LEIC - Departamento de Engenharia Informática, Instituto Superior Técnico}",
    title = "{Agentes - Resumos LEIC}",
    year = {2024},
    url = "https://resumos.leic.pt/ia/agentes/",
    note = "[Online; accessed 2024-05-15]"
}
